\begin{thebibliography}

@article{gao2016universal,
  title={Universal resilience patterns in complex networks},
  author={Gao, Jianxi and Barzel, Baruch and Barab{\'a}si, Albert-L{\'a}szl{\'o}},
  journal={Nature},
  volume={530},
  number={7590},
  pages={307--312},
  year={2016},
  publisher={Nature Publishing Group UK London}
}

@book{numerical2002recipes,
  title     = "Numerical Recipes in C The Art of Scientific Computing Second Edition",
  author={Press, William H and Teukolsky, Saul A and Vettering, William T and Flannery, Brian P},
  year      = 2002,
  publisher = "Press Syndicate of the University of Cambridge",
}

\end{thebibliography}